@book{katz,
  title={Introduction to modern cryptography},
  author={Katz, Jonathan and Lindell, Yehuda},
  year={2014},
  publisher={CRC press}
}

@inproceedings{nipopows,
	Author = {Kiayias, Aggelos and Miller, Andrew and Zindros, Dionysis},
	Title = {{Non-Interactive Proofs of Proof-of-Work}},
	booktitle={International Conference on Financial Cryptography and Data Security},
	organization={Springer},
	Year = {2020},
}

@inproceedings{pos-sidechains,
  title={{Proof-of-Stake Sidechains}},
  author={Ga{\v z}i, Peter and Kiayias, Aggelos and Zindros, Dionysis},
  booktitle={IEEE Symposium on Security and Privacy},
  organization={IEEE},
  publisher={IEEE},
	year={2019}
}

@inproceedings{pow-sidechains,
  title={Proof-of-Work Sidechains},
  author={Kiayias, Aggelos and Zindros, Dionysis},
	booktitle={International Conference on Financial Cryptography and Data Security},
	organization={Springer},
	publisher={Springer},
	year={2019}
}

@misc{crosschain-sok,
  title={{SoK: Communication across distributed ledgers}},
  author={Zamyatin, Alexei and Al-Bassam, Mustafa and Zindros, Dionysis and Kokoris-Kogias, Eleftherios and Moreno-Sanchez, Pedro and Kiayias, Aggelos and Knottenbelt, William J},
  year={2019},
  institution={Cryptology ePrint Archive, Report 2019/1128, 2019.}
}

@inproceedings{xclaim,
  title={{XCLAIM: Trustless, interoperable, cryptocurrency-backed assets}},
  author={Zamyatin, Alexei and Harz, Dominik and Lind, Joshua and Panayiotou, Panayiotis and Gervais, Arthur and Knottenbelt, William},
  booktitle={2019 IEEE Symposium on Security and Privacy (SP)},
  pages={193--210},
  year={2019},
  organization={IEEE}
}

@article{sidechains,
	Author = {Back, Adam and Corallo, Matt and Dashjr, Luke and Friedenbach, Mark and Maxwell, Gregory and Miller, Andrew and Poelstra, Andrew and Tim{\'o}n, Jorge and Wuille, Pieter},
	Note = {\url{https://blockstream.com/sidechains.pdf}},
	Title = {Enabling blockchain innovations with pegged sidechains},
	Year = {2014}}

@article{flyclient,
  title={{Flyclient: Super-Light Clients for Cryptocurrencies.}},
  author={B{\"u}nz, Benedikt and Kiffer, Lucianna and Luu, Loi and Zamani, Mahdi},
  booktitle={To appear in 2020 IEEE Symposium on Security and Privacy (SP)},
  year={2020},
  organization={IEEE}
}

@misc{bitcoin,
	Author = {Nakamoto, Satoshi},
	Title = {Bitcoin: A peer-to-peer electronic cash system},
	Year = {2008},
	howpublished={Available at: \url{https://bitcoin.org/bitcoin.pdf}},
	url={https://bitcoin.org/bitcoin.pdf}
}

@inproceedings{compactsuperblocks,
  title={{Compact Storage of Superblocks for NIPoPoW Applications}},
  booktitle={The 1st International Conference on Mathematical Research for Blockchain Economy},
  author={Karantias, Kostis and Kiayias, Aggelos and Zindros, Dionysis},
  organization={Springer},
  year={2019}}

@inproceedings{derivatives,
  title={Smart contract derivatives},
  author={Karantias, Kostis and Kiayias, Aggelos and Zindros, Dionysis},
  booktitle={Mathematical Research for Blockchain Economy},
  pages={1--8},
  year={2020},
  publisher={Springer}
}

@article{glimpse,
  title={{Glimpse: On-Demand, Cross-Chain Communication for Efficient DeFi Applications on Bitcoin-based Blockchains}},
  author={Scaffino, Giulia and Aumayr, Lukas and Avarikioti, Zeta and Maffei, Matteo},
  journal={Cryptology ePrint Archive},
  year={2022}
}

@inproceedings{popows,
  title={{Proofs of Proofs of Work with Sublinear Complexity}},
  author={Kiayias, Aggelos and Lamprou, Nikolaos and Stouka, Aikaterini-Panagiota},
  booktitle={Financial Cryptography and Data Security: FC 2016 International Workshops, BITCOIN, VOTING, and WAHC, Christ Church, Barbados, February 26, 2016, Revised Selected Papers 20},
  pages={61--78},
  year={2016},
  organization={Springer}
}

@inproceedings{logspace,
  title={{Mining in Logarithmic Space}},
  author={Kiayias, Aggelos and Leonardos, Nikos and Zindros, Dionysis},
  booktitle={Proceedings of the 2021 ACM SIGSAC Conference on Computer and Communications Security},
  pages={3487--3501},
  year={2021}
}

@inproceedings{plumo,
  title={{Plumo: An Ultralight Blockchain Client}},
  author={Vesely, Psi and Gurkan, Kobi and Straka, Michael and Gabizon, Ariel and Jovanovic, Philipp and Konstantopoulos, Georgios and Oines, Asa and Olszewski, Marek and Tromer, Eran},
  booktitle={Financial Cryptography and Data Security: 26th International Conference, FC 2022, Grenada, May 2--6, 2022, Revised Selected Papers},
  pages={597--614},
  year={2022},
  organization={Springer}
}

@article{coda,
  title={{Coda: Decentralized Cryptocurrency at Scale}},
  author={Bonneau, Joseph and Meckler, Izaak and Rao, Vanishree and Shapiro, Evan},
  journal={Cryptology ePrint Archive},
  year={2020}
}
